$Id: journals.bib,v 1.38 2009/08/29 17:45:49 oliver Exp $
Definition von strings für Zeitschriften


Generelles Format:
ATstring{KEY = {JOURNAL ABGEKÜRZT}}           KOMMENTAR

mit
         KEY              verwende in .bib files im journal Feld
         JOURNAL ABGEK.   für die "offiziellen" Abkürzungen siehe den
                          Phys.Rev. Style Guide
                          http://publish.aps.org/STYLE/
         KOMMENTAR        Frei und optional


**************************************
* Biochemistry
**************************************
@string{ Biochemistry = {Biochemistry}}
@string{ JCI = {J.~Colloid~Interface~Sci.}}
@string{ Nature = {Nature}}
@string{ Nat = Nature}
@string{ NatStruct = {Nature Struct.\ Biol.}}
@string{ NatStructBiol = {Nature Struct.\ Biol.}}
@string{ NatStructMolBiol = {Nature Struct.\ Mol.\ Biol.}}
@string{ BPJ = {Biophys.~J.}}
@string{ BiophysJ = BPJ }
@String{ JMB = {J.~Mol.\ Biol.}}
@String{ JSB = {J.~Struct.\ Biol.}}
@string{ JStructBiol = JSB}
@string{ JMolEvol = {J.~Mol.\ Evol.}}
@string{ JMembBiol = {J.~Memb.\ Biol.}}
@string{ BBA = {Biochim.\ Biophys.\ Acta}}
@string{ ProteinsI = {Proteins: Struct.\ Funct.\ Bioinf.}} name change from vol 54(2004)
@string{ Proteins = {Proteins: Struct.\ Funct.\ Genet.}} 
@string{ PSFG = Proteins}
@string{ Prot = Proteins}
@string{ ProtEng = {Protein Eng.\ Design Select.}}
@string{ ProtSci = {Protein Sci.}}
@string{ ProteinSci = ProtSci}
@string{ TIBS = {Trends Biochem.~Sci.}}
@string{ TINS = {Trends Neurosci.}}
@string{ COSB = {Curr.\ Opin.\ Struct.\ Biol.}}
@string{ COCB = {Curr.\ Opin.\ Cell Biol.}}
@string{ PTRSB = {Phil.\ Trans.\ Roy.~Soc.\ London~A}}
@string{ PTRSB = {Phil.\ Trans.\ Roy.~Soc.\ London~B}}
@string{ ProcBiolSci = {Proc.: Biol.\ Sci.}}  Proc. of the Roy. Soc. B
               http://uk.jstor.org/journals/09628452.html
@string{ ProcRoySocB = {Proc.\ R.\ Soc.\ Lond.\ \textrm{B}: Biol.\ Sci.}}
@string{ Cell = {Cell}}
@string{ JCB  = {J.~Cell~Biol.}}
@string{ JBC  = {J.~Biol.~Chem.}}
@string{ JCC  = {J.~Comp.~Chem.}}
@string{ JCompChem  = JCC}
@string{ JMG = {J.~Mol.~Graph.}} 
@string{ JMolGraph = JMG}
@string{ JMolMod = {J.~Mol.~Mod.}}
@string{ JMolGraphMod = {J.~Mol.~Graph.~Mod.}}
@string{ Sci = {Science}}
@string{ Science = Sci}
@string{ Structure = {Structure}}
@string{ BPoly = {Biopolymers}}
@string{ PNAS = {Proc.\ Natl.\ Acad.\ Sci.\ U.S.A.}}
@string{ FEBSLett = {FEBS Lett.}}
@string{ AnnuRevBiophysBiomolStruct = {Annu.\ Rev.\ Biophys.\ Biomol.\ Struct.}}
@string{ AnnuRevBiophys = AnnuRevBiophysBiomolStruct}
@string{ AnnuRevBiophysBiophysChem = {Annu.\ Rev.\ Biophys.\ Biophys.\ Chem.}}
@string{ AnnuRevBBeng = {Annu.\ Rev.\ Biophys.\ Bioeng.}}
@string{ QuartRevBiophys = {Quart.\ Rev.\ Biophys.}}
@string{ RevPhysiolBiochemPharmacol = {Rev.\ Physiol.\ Biochem.\ Pharmacol.}}
@string{ CurrOpDDD = {Curr.\ Opin.\ Drug Disc.\ Devel.}}
@string{ EBJ = {Eur.\ Biophys.\ J.}} 
@string{ MethEnzymology = {Methods Enzymol.}}
@string{ JMolNeurosci = {J.\ Mol.\ Neurosci.}}
@string{ NAR = {Nucleic Acids Res.}}
@String{ Biochem = {Biochem.}}
@String{ JNeurosci = {J.~Neurosci.}}
@String{ JNeurochem = {J.~Neurochem.}}
@string{ JPhysiol = {J.~Physiol.}}
@string{ JGenPhysiol = {J.~Gen.~Physiol.}}
@string{ EMBOJ = {EMBO~J.}}
@string{ PhysBiol = {Physical Biology}}
@string{ AlcoholismCER = {Alcoholism Clin.\ Exp.\ Res.}}
@string{ BiolChem = {Biol.\ Chem.}}
@String{ Neuron = {Neuron}}
@String{ NatNeuroSci = {Nature Neurosci.}}
@string{ TCB = {Trends Cell Biol.}}
@string{ DrugDevelRes = {Drug.~Devel.~Res.}}
@string{ TIPhS = {Trends Pharmacol.~Sci.}}
@string{ NatRevCanc = {Nature Rev. Canc.}}
@string{ PLoSCompBiol = {PLoS Comp.\ Biol.}}
@string{ PLoSBiol = {PLoS Biol.}}
@string{ PLoSBiology = PLoSBiol}                http://biology.plosjournals.org
@string{ MolecPharmacol = {Mol.\ Pharmacol.}}
@string{ AnnRevNeurosci = {Ann.\ Rev.\ Neurosci.}}
@string{ AnnRevPhysiol = {Ann.\ Rev.\ Physiol.}}

**************************************
* Chemistry
**************************************

@String{JPChem = {J.~Phys.~Chem.}}            Journal of Physical Chemistry 
@String{JPhysChem = JPChem}                   Journal of Physical Chemistry 
@String{JPChemA = {J.~Phys.~Chem.~A}}         Journal of Physical Chemistry A
@string{JPhysChemA = {J.~Phys.~Chem.~A}}
@String{JPChemB = {J.~Phys.~Chem.~B}}         Journal of Physical Chemistry B
@string{JPhysChemB = {J.~Phys.~Chem.~B}}
@string{JPCB = JPChemB}
@String{JACS = {J.~Am.~Chem.~Soc.}}    J. of the American Chemical Society
@String{CPL = {Chem.~Phys.~Lett.}}            Chemical Physics Letter
@String{FaradayTrans2 = {J.~Chem.~Soc., Faraday Trans.~2}}
@string{JCompChem = {J.~Comp.~Chem.}}
@string{JCTC = {J.\ Chem.\ Theo.\ Comp.}}
@string{NanoLett = {Nano Lett.}}
@string{ChemPhys = {Chem.~Phys.}}
@string{ChemPhysLett = {Chem.~Phys.~Lett.}}
@string{ChemRev = {Chem.~Rev.}}
@string{MolPhys = {Mol.~Phys.}}
@string{AccChemRes = {Acc.~Chem.~Res.}}
@string{Langmuir = {Langmuir}}
@string{MolMembBiol = {Mol.~Membr.~Biol.}}
@string{MolMemBiol = MolMembBiol}
@String{MolMic = {Mol.~Microbiol.}}
@String{MMBRev = {Microbiol.~Molec.~Biol.~Rev.}}
@string{ProgBiophysMolBiol = {Prog.~Biophys.~Mol.~Biol.}}
@string{Angewandte = {Angew.\ Chem.\ Int.\ Ed.}}
@string{AnnRevPhysChem = {Ann.\ Rev.\ Phys.\ Chem.}}


**************************************
* Physics
**************************************

@string{PR = {Phys.~Rev.}}                    Physical Review
@string{PhysRev = PR}
@string{PRA = {Phys.~Rev.~A}}                 Physical Review A
@string{PRB = {Phys.~Rev.~B}}                 Physical Review B
@string{PRC = {Phys.~Rev.~C}}                 Physical Review C
@string{PRD = {Phys.~Rev.~D}}                 Physical Review D
@string{PRE = {Phys.~Rev.~E}}                 Physical Review E
@string{PRL = {Phys.~Rev.~Lett.}}             Physical Review Letters
@string{JAP = {J.~Appl.~Phys.}}               Journal of Applied Physics
@string{JApplPhys = JAP}
@String{APL = {Appl.~Phys.~Lett.}}            Applied Physics Letters
@String{JJAP = {Jpn.~J.~Appl.~Phys.}}         Japanese Journal of Applied Physics
@string{SS = {Surf.~Sci.}}                    Surface Science
@String{ASS = {Appl.~Surf.~Sci.}}             Applied Surface Science
@String{SRL = {Surf.~Rev.~Lett.}}             Surface Review and Letters
@String{SSC = {Solid State Comm.}}            Solid State Communications
@string{JCP = {J.~Chem.~Phys.}}               Journal of Chemical Physics
@string{JChemPhys = {J.~Chem.~Phys.}}         Journal of Chemical Physics
@string{JPCS = {J.~Phys.~Chem.~Solids}}       Journal of Physics and Chemistry of Solids
@String{JMolLiqu = {J.~Mol.~Liquids}}         Journal of Molecular Liquids
@String{DDF = {Defect Diff.~Forum}}           Defect and Diffusion Forum
@String{PCCP = {Phys.~Chem.~Chem.~Phys.}}     Physical Chemistry Chemical Physics
@String{PMA = {Philos.~Mag.~A}}               Philosophical Magazine A
@String{JPCM = {J.~Phys.: Condens.~Matter}}   Journal of Physics: Condensed Matter
@String{JPhysCondMat = JPCM}
@String{JPIV = {J.~Phys.~IV: Proc.}}          Journal de Physique IV: Proceedings
@String{GRL = {Geophys.~Res.~Lett.}}          Geophysical Research Letters
@String{MRSSP = {Mat.~Res.~Soc.~symp.~proc.}} Materials Research Society symposia proceedings
@String{HPA = {Helv.~Phys.~Acta}}             Helvetica physica acta
@string{PTP = {Progr.~Theor.~Phys.}}          Progress of Theoretical Physics
@string{RMP = {Rev.~Mod.~Phys.}}              Review of Modern Physics
@String{CPR = {Comp.~Phys.~Rep.}}             Computer Physics Reports
@String{RepProgPhys = {Rep.~Prog.~Phys.}}     Reports on Progress in Physics
@String{PSSB = {Phys.~Status Solidi B}}       physica status solidi (b)
@String{PSSA = {Phys.~Status Solidi A}}       physica status solidi (a)
@String{JVST  = {J.~Vac.~Sci.~Technol.}}      Journal of Vacuum Science and Technology 
@String{JVSTA = {J.~Vac.~Sci.~Technol.~A}}    Journal of Vacuum Science and Technology A
@String{JVSTB = {J.~Vac.~Sci.~Technol.~B}}    Journal of Vacuum Science and Technology B
@String{AnnPhys = {Ann.~d.~Phys.}}            Annalen der Physik

@String{ACB = {Acta~Crystallogr.~Sect.~B}}    Acta Crystallographica Section B: 
                                              Structural Crystallography and Crystal Chemistry
@String{ZMK = {Z.~Metallkd.}}                 Zeitschrift f\"ur Metallkunde
@String{SSE = {Solid-State~Electron.}}        Solid-State Electronics
@String{CPC = {Comp.~Phys.~Comm.}}            Computational Physics Communications
@String{JPC = {J.~Phys.~C}}                   Journal of Physics C: Solid State Physics
@String{JMP = {J.~Math.~Phys.}}               Journal of Mathematical Physics
@String{PL = {Phys.~Lett.}}                   Physics Letters
@String{Natwiss = {Naturwiss.}}               Naturwissenschaften
@String{JGR = {J.~Geophys.~Res.}}             Journal of Geophysical Research
@String{JPCRD = {J.~Phys.~Chem.~Ref.~Data}}   Journal of Physical and Chemical  Reference Data
@String{APA = {Appl.~Phys.~A}}                Applied Physics A (Solids and Surfaces)
@String{EL = {Electron.~Lett.}}               Electronic Letters
@String{AMM = {Acta.~metall.~mater.}}         Acta metallurgica et materialia
@String{JAC = {J.~Appl.~Cryst.}}              Journal of Applied Crystallography
@String{SSP = {Solid~State~Phys.}}            Solid State Physics
@String{JAllC = {J.~Alloys~Compounds}}        Journal of Alloys and Compounds
@String{PhysikJ = {Physik~J.}}                Dt. Physikalische Ges.
@string{RevModPhys = {Rev.~Mod.~Phys.}}
@string{JCompPhys = {J.~Comp.~Phys.}}
@string{CompPhysComm = {Comp.~Phys.~Comm.}}
@string{MolPhys = {Mol.~Phys.}}               Molecular Physics
@string{JStatPhys = {J.~Stat.~Phys.}}
@string{EurJPhys = {Eur.~J.~Phys.}}
@string{NanoLett = {Nano Lett.}}

@string{PTRSA = {Philos. Trans. Math. Phys. Eng. Sci. Ser. A}}

************************
* Computing
************************
@String{TOMS = {ACM Trans.~Math.~Softw.}}     ACM Transactions on Mathematical 
                                              Software 

************************
* Engineering
************************
@string{ChemVapDepos = {Chem. Vapor Depos.}}    Chemical Vapor Deposition
