%% This BibTeX bibliography file was created using BibDesk.
%% http://bibdesk.sourceforge.net/

%% Created for Mahzad Khoshlessan at 2018-10-14 14:25:34 -0700 


%% Saved with string encoding Unicode (UTF-8) 



@inproceedings{Malakar-etal,
	Author = {Preeti Malakar and Christopher Knight and Todd Munson and Venkatram Vishwanath and Michael E. Papka},
	Booktitle = {ISAV'17 Proceedings of the In Situ Infrastructures on Enabling Extreme-Scale Analysis and Visualization},
	Date-Added = {2018-09-24 05:43:47 +0000},
	Date-Modified = {2018-09-24 05:46:03 +0000},
	Month = {November 12 - 17},
	Pages = {1-6},
	Title = {Scalable In situ Analysis of Molecular Dynamics Simulations},
	Year = {2017}}

@article{pyPcazip,
	Author = {Ardita Shkurtia and Ramon Goni and Pau Andrio and Elena Breitmoserd and Iain Bethuned and Modesto Orozco and Charles A. Laughtona},
	Date-Added = {2018-09-24 05:35:33 +0000},
	Date-Modified = {2018-09-24 05:38:46 +0000},
	Journal = {SoftwareX},
	Pages = {44--50},
	Title = {pyPcazip: A PCA-based toolkit for compression and analysis of molecular simulation data},
	Volume = {5},
	Year = {2016}}

@inproceedings{Zazen,
	Address = {http://www.usenix.org/events/fast10/tech/full\_papers/tu.pdf},
	Author = {Tiankai Tu and Charles A. Rendleman and Patrick J. Miller and Federico Sacerdoti and Ron O. Dror and David E. Shaw},
	Booktitle = {8th {USENIX} Conference on File and Storage Technologies, San Jose, CA, USA},
	Date-Added = {2018-09-24 05:32:22 +0000},
	Date-Modified = {2018-09-30 21:02:56 -0700},
	Month = {February 23-26},
	Pages = {129--142},
	Title = {Accelerating Parallel Analysis of Scientific Simulation Data via Zazen},
	Year = {2010}}

@article{Wu_et.al,
	Author = {Guoqing Wu and Haifeng Song and Deye Lin},
	Date-Added = {2018-09-24 05:26:35 +0000},
	Date-Modified = {2018-09-24 05:28:43 +0000},
	Journal = {Computational Materials Science},
	Pages = {322--330},
	Title = {A scalable parallel framework for microstructure analysis of large-scale molecular dynamics simulations data},
	Volume = {144},
	Year = {2018}}

@inproceedings{Kevin2018,
	Address = {New York, NY, USA},
	Author = {Kevin A. Brown and Nikhil Jain and Satoshi Matsuoka and Martin Schulz and Abhinav Bhatele},
	Booktitle = {Proceedings of the 47th International Conference on Parallel Processing},
	Date-Added = {2018-08-19 21:15:32 -0700},
	Date-Modified = {2018-09-30 21:55:40 -0700},
	Keywords = {I/O, Interference, MPI, fat-tree, network, simulation},
	Month = {August 13--16},
	Number = {7},
	Pages = {7:1--7:10},
	Publisher = {ACM},
	Series = {ICPP 2018},
	Title = {Interference between IO and MPI Traffic on Fat-tree Networks},
	Year = {2018}}

@article{AWE-WQ2014,
	Author = {Badi Abdul-Wahid and Haoyun Feng and Dinesh Rajan and Ronan Costaouec and Eric Darve and Douglas Thain and Jesu{\'s} A. Izaguirre},
	Date-Added = {2018-08-05 22:50:29 -0700},
	Date-Modified = {2018-08-05 22:57:47 -0700},
	Journal = {Journal of Chemical Information and Modeling},
	Pages = {3033--3043},
	Title = {AWE-WQ, Fast-Forwarding Molecular Dynamics Using the Accelerated Weighted Ensemble},
	Volume = {54},
	Year = {2014}}

@article{QwikMD2016,
	Author = {Jo{\~a}o V. Ribeiro and Rafael C. Bernardi and Till Rudack and John E. Stone and James C. Phillips and Peter L. Freddolino and Klaus Schulten},
	Date-Added = {2018-08-05 22:45:07 -0700},
	Date-Modified = {2018-09-30 20:48:08 -0700},
	Journal = {Scientific Reports},
	Number = {Article number: 26536},
	Title = {QwikMD-Integrative Molecular Dynamics Toolkit for Novices and Experts},
	Volume = {volume 6},
	Year = {2016}}

@inproceedings{VMD2013,
	Address = {Washington, DC, USA},
	Author = {John E. Stone and Barry Isralewitz and Klaus Schulten},
	Booktitle = {Proceedings of the 2013 Extreme Scaling Workshop (Xsw 2013)},
	Date-Added = {2018-08-05 18:52:30 -0700},
	Date-Modified = {2018-10-01 00:07:55 -0700},
	Month = {15-16 Aug},
	Pages = {43--50},
	Publisher = {IEEE Computer Society},
	Title = {Early Experiences Scaling VMD Molecular Visualization and Analysis Jobs on Blue Waters},
	Year = {2013}}

@unpublished{SHMEM2,
	Author = {Mellanox},
	Date-Added = {2018-08-05 13:25:04 -0700},
	Date-Modified = {2018-08-05 19:00:18 -0700},
	Month = {January},
	Note = {New Accelerations for Parallel Programming},
	Title = {SHMEM is being used/proposed as a lower level interface for PGAS implementations},
	Year = {2012}}

@url{SHMEM1,
	Date-Added = {2018-08-05 13:22:42 -0700},
	Date-Modified = {2018-08-05 19:01:41 -0700},
	Title = {https://pubs.cray.com/SHMEM, Cray, Document 004-2178-002, chapter 3},
	Urldate = {2012},
	Bdsk-File-1 = {YnBsaXN0MDDUAQIDBAUGJCVYJHZlcnNpb25YJG9iamVjdHNZJGFyY2hpdmVyVCR0b3ASAAGGoKgHCBMUFRYaIVUkbnVsbNMJCgsMDxJXTlMua2V5c1pOUy5vYmplY3RzViRjbGFzc6INDoACgAOiEBGABIAFgAdccmVsYXRpdmVQYXRoWWFsaWFzRGF0YV8QFS4uL1NITUVNX3R1dG9yaWFsLnBkZtIXCxgZV05TLmRhdGFPEQFoAAAAAAFoAAIAAAxNYWNpbnRvc2ggSEQAAAAAAAAAAAAAAAAAAAAAAAAAQkQAAf////8SU0hNRU1fdHV0b3JpYWwucGRmAAAAAAAAAAAAAAAAAAAAAAAAAAAAAAAAAAAAAAAAAAAAAAAAAAAAAAAAAAAA/////wAAAAAAAAAAAAAAAAABAAEAAAogY3UAAAAAAAAAAAAAAAAAB0Rlc2t0b3AAAAIANC86VXNlcnM6bWFoemFka2hvc2hsZXNzYW46RGVza3RvcDpTSE1FTV90dXRvcmlhbC5wZGYADgAmABIAUwBIAE0ARQBNAF8AdAB1AHQAbwByAGkAYQBsAC4AcABkAGYADwAaAAwATQBhAGMAaQBuAHQAbwBzAGgAIABIAEQAEgAyVXNlcnMvbWFoemFka2hvc2hsZXNzYW4vRGVza3RvcC9TSE1FTV90dXRvcmlhbC5wZGYAEwABLwAAFQACABj//wAAgAbSGxwdHlokY2xhc3NuYW1lWCRjbGFzc2VzXU5TTXV0YWJsZURhdGGjHR8gVk5TRGF0YVhOU09iamVjdNIbHCIjXE5TRGljdGlvbmFyeaIiIF8QD05TS2V5ZWRBcmNoaXZlctEmJ1Ryb290gAEACAARABoAIwAtADIANwBAAEYATQBVAGAAZwBqAGwAbgBxAHMAdQB3AIQAjgCmAKsAswIfAiECJgIxAjoCSAJMAlMCXAJhAm4CcQKDAoYCiwAAAAAAAAIBAAAAAAAAACgAAAAAAAAAAAAAAAAAAAKN}}

@article{rmsd,
	Author = {Liu P and Agrafiotis D K and Theobald D L},
	Date-Added = {2018-05-01 16:31:01 +0000},
	Date-Modified = {2018-05-01 16:32:36 +0000},
	Journal = {Journal of computational Chemistry},
	Pages = {1561--3},
	Title = {Fast determination of the optimal rotational matrix for macromolecular superpositions},
	Volume = {31},
	Year = {2010}}

@article{GA,
	Author = {Jarek Nieplocha and Bruce Palmer and Vinod Tipparaju and Manojkumar Krishnan and Harold Trease and Edoardo Apr{\`a}},
	Date-Added = {2018-05-01 01:56:25 +0000},
	Date-Modified = {2018-05-01 02:04:18 +0000},
	Journal = {The International Journal of High Performance Computing Applications},
	Number = {2},
	Pages = {203-231},
	Title = {ADVANCES, APPLICATIONS AND PERFORMANCE OF THE GLOBAL ARRAYS SHARED MEMORY PROGRAMMING TOOLKIT},
	Volume = {20},
	Year = {2006}}

@mastersthesis{GAiN,
	Author = {JEFFREY ALAN DAILY},
	Date-Added = {2018-05-01 01:51:17 +0000},
	Date-Modified = {2018-05-01 01:53:26 +0000},
	Rating = {5},
	School = {School of Electrical Engineering and Computer Science, WASHINGTON STATE UNIVERSITY},
	Title = {GAIN: DISTRIBUTED ARRAY COMPUTATION WITH PYTHON},
	Year = {2009},
	Bdsk-File-1 = {YnBsaXN0MDDUAQIDBAUGJCVYJHZlcnNpb25YJG9iamVjdHNZJGFyY2hpdmVyVCR0b3ASAAGGoKgHCBMUFRYaIVUkbnVsbNMJCgsMDxJXTlMua2V5c1pOUy5vYmplY3RzViRjbGFzc6INDoACgAOiEBGABIAFgAdccmVsYXRpdmVQYXRoWWFsaWFzRGF0YV8QWi4uL1BhcGVycy1ia3N0LWxhYi9TUElEQUwvR2xvYmFsLUFycmF5L0dBSU4tIERJU1RSSUJVVEVEIEFSUkFZIENPTVBVVEFUSU9OIFdJVEggUFlUSE9OLnBkZtIXCxgZV05TLmRhdGFPEQI6AAAAAAI6AAIAAAxNYWNpbnRvc2ggSEQAAAAAAAAAAAAAAAAAAAAAAAAAQkQAAf////8fR0FJTi0gRElTVFJJQlVURUQgI0ZGRkZGRkZGLnBkZgAAAAAAAAAAAAAAAAAAAAAAAAAAAAAAAAAAAAAAAAAA/////wAAAAAAAAAAAAAAAAABAAQAAAogY3UAAAAAAAAAAAAAAAAADEdsb2JhbC1BcnJheQACAHkvOlVzZXJzOm1haHphZGtob3NobGVzc2FuOkRlc2t0b3A6UGFwZXJzLWJrc3QtbGFiOlNQSURBTDpHbG9iYWwtQXJyYXk6R0FJTi0gRElTVFJJQlVURUQgQVJSQVkgQ09NUFVUQVRJT04gV0lUSCBQWVRIT04ucGRmAAAOAGgAMwBHAEEASQBOAC0AIABEAEkAUwBUAFIASQBCAFUAVABFAEQAIABBAFIAUgBBAFkAIABDAE8ATQBQAFUAVABBAFQASQBPAE4AIABXAEkAVABIACAAUABZAFQASABPAE4ALgBwAGQAZgAPABoADABNAGEAYwBpAG4AdABvAHMAaAAgAEgARAASAHdVc2Vycy9tYWh6YWRraG9zaGxlc3Nhbi9EZXNrdG9wL1BhcGVycy1ia3N0LWxhYi9TUElEQUwvR2xvYmFsLUFycmF5L0dBSU4tIERJU1RSSUJVVEVEIEFSUkFZIENPTVBVVEFUSU9OIFdJVEggUFlUSE9OLnBkZgAAEwABLwAAFQACABj//wAAgAbSGxwdHlokY2xhc3NuYW1lWCRjbGFzc2VzXU5TTXV0YWJsZURhdGGjHR8gVk5TRGF0YVhOU09iamVjdNIbHCIjXE5TRGljdGlvbmFyeaIiIF8QD05TS2V5ZWRBcmNoaXZlctEmJ1Ryb290gAEACAARABoAIwAtADIANwBAAEYATQBVAGAAZwBqAGwAbgBxAHMAdQB3AIQAjgDrAPAA+AM2AzgDPQNIA1EDXwNjA2oDcwN4A4UDiAOaA50DogAAAAAAAAIBAAAAAAAAACgAAAAAAAAAAAAAAAAAAAOk}}

@book{pythonhdf5,
	Author = {Andrew Collette},
	Booktitle = {Python and HDF5},
	Date-Added = {2018-05-01 01:44:30 +0000},
	Date-Modified = {2018-08-05 19:03:54 -0700},
	Editor = {Meghan Blanchette and Rachel Roumeliotis},
	Publisher = {O'Reilly Media, Inc., 1005 Gravenstein Highway North, Sebastopol, CA 95472.},
	Title = {Python and HDF5},
	Year = {2014},
	Bdsk-File-1 = {YnBsaXN0MDDUAQIDBAUGJCVYJHZlcnNpb25YJG9iamVjdHNZJGFyY2hpdmVyVCR0b3ASAAGGoKgHCBMUFRYaIVUkbnVsbNMJCgsMDxJXTlMua2V5c1pOUy5vYmplY3RzViRjbGFzc6INDoACgAOiEBGABIAFgAdccmVsYXRpdmVQYXRoWWFsaWFzRGF0YV8QYy4uL1BhcGVycy1ia3N0LWxhYi9TUElEQUwvSERGNS9QeXRob24gYW5kIEhERjVfIFVubG9ja2luZyBTY2llbnRpZmljIERhdGEgW0NvbGxldHRlIDIwMTMtMTEtMTFdLnBkZtIXCxgZV05TLmRhdGFPEQJkAAAAAAJkAAIAAAxNYWNpbnRvc2ggSEQAAAAAAAAAAAAAAAAAAAAAAAAAQkQAAf////8fUHl0aG9uIGFuZCBIREY1XyBVI0ZGRkZGRkZGLnBkZgAAAAAAAAAAAAAAAAAAAAAAAAAAAAAAAAAAAAAAAAAA/////wAAAAAAAAAAAAAAAAABAAQAAAogY3UAAAAAAAAAAAAAAAAABEhERjUAAgCCLzpVc2VyczptYWh6YWRraG9zaGxlc3NhbjpEZXNrdG9wOlBhcGVycy1ia3N0LWxhYjpTUElEQUw6SERGNTpQeXRob24gYW5kIEhERjVfIFVubG9ja2luZyBTY2llbnRpZmljIERhdGEgW0NvbGxldHRlIDIwMTMtMTEtMTFdLnBkZgAOAIoARABQAHkAdABoAG8AbgAgAGEAbgBkACAASABEAEYANQBfACAAVQBuAGwAbwBjAGsAaQBuAGcAIABTAGMAaQBlAG4AdABpAGYAaQBjACAARABhAHQAYQAgAFsAQwBvAGwAbABlAHQAdABlACAAMgAwADEAMwAtADEAMQAtADEAMQBdAC4AcABkAGYADwAaAAwATQBhAGMAaQBuAHQAbwBzAGgAIABIAEQAEgCAVXNlcnMvbWFoemFka2hvc2hsZXNzYW4vRGVza3RvcC9QYXBlcnMtYmtzdC1sYWIvU1BJREFML0hERjUvUHl0aG9uIGFuZCBIREY1XyBVbmxvY2tpbmcgU2NpZW50aWZpYyBEYXRhIFtDb2xsZXR0ZSAyMDEzLTExLTExXS5wZGYAEwABLwAAFQACABj//wAAgAbSGxwdHlokY2xhc3NuYW1lWCRjbGFzc2VzXU5TTXV0YWJsZURhdGGjHR8gVk5TRGF0YVhOU09iamVjdNIbHCIjXE5TRGljdGlvbmFyeaIiIF8QD05TS2V5ZWRBcmNoaXZlctEmJ1Ryb290gAEACAARABoAIwAtADIANwBAAEYATQBVAGAAZwBqAGwAbgBxAHMAdQB3AIQAjgD0APkBAQNpA2sDcAN7A4QDkgOWA50DpgOrA7gDuwPNA9AD1QAAAAAAAAIBAAAAAAAAACgAAAAAAAAAAAAAAAAAAAPX}}

@comment{BibDesk Static Groups{
<?xml version="1.0" encoding="UTF-8"?>
<!DOCTYPE plist PUBLIC "-//Apple//DTD PLIST 1.0//EN" "http://www.apple.com/DTDs/PropertyList-1.0.dtd">
<plist version="1.0">
<array>
	<dict>
		<key>group name</key>
		<string>Straggler-paper</string>
		<key>keys</key>
		<string>GAiN,pythonhdf5,GA,rmsd</string>
	</dict>
</array>
</plist>
}}
