%% This BibTeX bibliography file was created using BibDesk.
%% http://bibdesk.sourceforge.net/

%% Created for Mahzad Khoshlessan at 2018-09-09 15:55:43 -0700 


%% Saved with string encoding Unicode (UTF-8) 



@phdthesis{Tien-2017,
	Author = {Tien-Dat Phan},
	Date-Added = {2018-09-09 15:53:40 -0700},
	Date-Modified = {2018-09-09 15:55:32 -0700},
	School = {{\'E}cole normale sup{\'e}rieure de Renne},
	Title = {Energy-efficient Straggler Mitigation for Big Data Applications on the Clouds},
	Year = {2017}}

@conference{Schmidt2016,
	Author = {Eric Schmidt and Greg DeMichillie and Frances Perry and Tyler Akidau and Dan Halperin.},
	Booktitle = {Frontiers Big-Data Symposium},
	Date-Added = {2018-01-29 21:08:49 +0000},
	Date-Modified = {2018-01-29 21:12:15 +0000},
	Title = {Large-scale data analysis at cloud scale},
	Year = {2016}}

@conference{Zaharia2012,
	Author = {M. Zaharia and M. Chowdhury and T. Das and A. Dave and J. Ma, M. McCauley and M. J. Franklin and S. Shenker and I. Stoica},
	Booktitle = {NSDI},
	Date-Added = {2018-01-29 20:46:07 +0000},
	Date-Modified = {2018-01-29 20:49:56 +0000},
	Title = {Resilient Distributed Datasets: A Fault-Tolerant Abstraction for In-Memory Cluster Computing},
	Year = {2012}}

@conference{Li2014,
	Author = {H. Li and A. Ghodsi and M. Zaharia and S. Shenker and I. Stoica},
	Booktitle = {SoCC},
	Date-Added = {2018-01-29 20:37:51 +0000},
	Date-Modified = {2018-01-29 20:39:10 +0000},
	Title = {Reliable, Memory Speed Storage for Cluster Computing Frameworks},
	Year = {2014}}

@conference{Jeyakumar2013,
	Author = {V. Jeyakumar and M. Alizadeh and D. Mazieres and B. Prab- hakar and C. Kim, and A. Greenberg.},
	Booktitle = {NSDI},
	Date-Added = {2018-01-29 20:36:00 +0000},
	Date-Modified = {2018-01-29 20:37:06 +0000},
	Title = {EyeQ: Practical Network Performance Isolation at the Edge.},
	Year = {2013}}

@conference{Ballani2011,
	Author = {H. Ballani and P. Costa and T. Karagiannis and A. Row- stron},
	Booktitle = {SIGCOMM},
	Date-Added = {2018-01-29 20:33:38 +0000},
	Date-Modified = {2018-01-29 20:34:42 +0000},
	Title = {Towards Predictable Datacenter Networks.},
	Year = {2011}}

@conference{Ananthanarayanan2014,
	Author = {G. Ananthanarayanan and M. C.-C. Hung and X. Ren and I. Stoica, A. Wierman and M. Yu.},
	Booktitle = {In Proc. NSDI},
	Date-Added = {2018-01-29 20:31:32 +0000},
	Date-Modified = {2018-01-29 20:33:26 +0000},
	Title = {GRASS: Trimming Stragglers in Approximation Analytics.},
	Year = {2014}}

@conference{Kwon2012,
	Author = {YongChul Kwon and Magdalena Balazinska and Bill Howe and Jerome Rolia},
	Booktitle = {SIGMOD'12},
	Date-Added = {2018-01-28 06:45:13 +0000},
	Date-Modified = {2018-01-28 06:47:59 +0000},
	Title = {SkewTune: Mitigating Skew in MapReduce Applications},
	Year = {2012},
	Bdsk-File-1 = {YnBsaXN0MDDUAQIDBAUGJCVYJHZlcnNpb25YJG9iamVjdHNZJGFyY2hpdmVyVCR0b3ASAAGGoKgHCBMUFRYaIVUkbnVsbNMJCgsMDxJXTlMua2V5c1pOUy5vYmplY3RzViRjbGFzc6INDoACgAOiEBGABIAFgAdccmVsYXRpdmVQYXRoWWFsaWFzRGF0YV8QSC4uLy4uL3N0cmFnZ2xlcnMvU2tld1R1bmUtIE1pdGlnYXRpbmcgU2tldyBpbiBNYXBSZWR1Y2UgQXBwbGljYXRpb25zLnBkZtIXCxgZV05TLmRhdGFPEQIUAAAAAAIUAAIAAAxNYWNpbnRvc2ggSEQAAAAAAAAAAAAAAAAAAAAAAAAAQkQAAf////8fU2tld1R1bmUtIE1pdGlnYXRpI0ZGRkZGRkZGLnBkZgAAAAAAAAAAAAAAAAAAAAAAAAAAAAAAAAAAAAAAAAAA/////wAAAAAAAAAAAAAAAAACAAIAAAogY3UAAAAAAAAAAAAAAAAACnN0cmFnZ2xlcnMAAgBkLzpVc2VyczptYWh6YWRraG9zaGxlc3NhbjpEZXNrdG9wOnN0cmFnZ2xlcnM6U2tld1R1bmUtIE1pdGlnYXRpbmcgU2tldyBpbiBNYXBSZWR1Y2UgQXBwbGljYXRpb25zLnBkZgAOAHAANwBTAGsAZQB3AFQAdQBuAGUALQAgAE0AaQB0AGkAZwBhAHQAaQBuAGcAIABTAGsAZQB3ACAAaQBuACAATQBhAHAAUgBlAGQAdQBjAGUAIABBAHAAcABsAGkAYwBhAHQAaQBvAG4AcwAuAHAAZABmAA8AGgAMAE0AYQBjAGkAbgB0AG8AcwBoACAASABEABIAYlVzZXJzL21haHphZGtob3NobGVzc2FuL0Rlc2t0b3Avc3RyYWdnbGVycy9Ta2V3VHVuZS0gTWl0aWdhdGluZyBTa2V3IGluIE1hcFJlZHVjZSBBcHBsaWNhdGlvbnMucGRmABMAAS8AABUAAgAY//8AAIAG0hscHR5aJGNsYXNzbmFtZVgkY2xhc3Nlc11OU011dGFibGVEYXRhox0fIFZOU0RhdGFYTlNPYmplY3TSGxwiI1xOU0RpY3Rpb25hcnmiIiBfEA9OU0tleWVkQXJjaGl2ZXLRJidUcm9vdIABAAgAEQAaACMALQAyADcAQABGAE0AVQBgAGcAagBsAG4AcQBzAHUAdwCEAI4A2QDeAOYC/gMAAwUDEAMZAycDKwMyAzsDQANNA1ADYgNlA2oAAAAAAAACAQAAAAAAAAAoAAAAAAAAAAAAAAAAAAADbA==}}

@conference{Chen2014,
	Author = {Qi Chen, Cheng Liu, and Zhen Xiao},
	Booktitle = {IEEE TRANSACTIONS ON COMPUTERS},
	Date-Added = {2018-01-28 00:14:59 +0000},
	Date-Modified = {2018-01-28 00:20:44 +0000},
	Title = {Improving MapReduce Performance Using Smart Speculative Execution Strategy},
	Year = {2014},
	Bdsk-File-1 = {YnBsaXN0MDDUAQIDBAUGJCVYJHZlcnNpb25YJG9iamVjdHNZJGFyY2hpdmVyVCR0b3ASAAGGoKgHCBMUFRYaIVUkbnVsbNMJCgsMDxJXTlMua2V5c1pOUy5vYmplY3RzViRjbGFzc6INDoACgAOiEBGABIAFgAdccmVsYXRpdmVQYXRoWWFsaWFzRGF0YV8QZi4uLy4uL1BhcGVycy9zdHJhZ2dsZXJzL0ltcHJvdmluZyBNYXBSZWR1Y2UgUGVyZm9ybWFuY2UgVXNpbmcgU21hcnQgU3BlY3VsYXRpdmUgRXhlY3V0aW9uIFN0cmF0ZWd5LnBkZtIXCxgZV05TLmRhdGFPEQJ+AAAAAAJ+AAIAAAxNYWNpbnRvc2ggSEQAAAAAAAAAAAAAAAAAAAAAAAAAQkQAAf////8fSW1wcm92aW5nIE1hcFJlZHVjI0ZGRkZGRkZGLnBkZgAAAAAAAAAAAAAAAAAAAAAAAAAAAAAAAAAAAAAAAAAA/////wAAAAAAAAAAAAAAAAACAAMAAAogY3UAAAAAAAAAAAAAAAAACnN0cmFnZ2xlcnMAAgCCLzpVc2VyczptYWh6YWRraG9zaGxlc3NhbjpEZXNrdG9wOlBhcGVyczpzdHJhZ2dsZXJzOkltcHJvdmluZyBNYXBSZWR1Y2UgUGVyZm9ybWFuY2UgVXNpbmcgU21hcnQgU3BlY3VsYXRpdmUgRXhlY3V0aW9uIFN0cmF0ZWd5LnBkZgAOAJ4ATgBJAG0AcAByAG8AdgBpAG4AZwAgAE0AYQBwAFIAZQBkAHUAYwBlACAAUABlAHIAZgBvAHIAbQBhAG4AYwBlACAAVQBzAGkAbgBnACAAUwBtAGEAcgB0ACAAUwBwAGUAYwB1AGwAYQB0AGkAdgBlACAARQB4AGUAYwB1AHQAaQBvAG4AIABTAHQAcgBhAHQAZQBnAHkALgBwAGQAZgAPABoADABNAGEAYwBpAG4AdABvAHMAaAAgAEgARAASAIBVc2Vycy9tYWh6YWRraG9zaGxlc3Nhbi9EZXNrdG9wL1BhcGVycy9zdHJhZ2dsZXJzL0ltcHJvdmluZyBNYXBSZWR1Y2UgUGVyZm9ybWFuY2UgVXNpbmcgU21hcnQgU3BlY3VsYXRpdmUgRXhlY3V0aW9uIFN0cmF0ZWd5LnBkZgATAAEvAAAVAAIAGP//AACABtIbHB0eWiRjbGFzc25hbWVYJGNsYXNzZXNdTlNNdXRhYmxlRGF0YaMdHyBWTlNEYXRhWE5TT2JqZWN00hscIiNcTlNEaWN0aW9uYXJ5oiIgXxAPTlNLZXllZEFyY2hpdmVy0SYnVHJvb3SAAQAIABEAGgAjAC0AMgA3AEAARgBNAFUAYABnAGoAbABuAHEAcwB1AHcAhACOAPcA/AEEA4YDiAONA5gDoQOvA7MDugPDA8gD1QPYA+oD7QPyAAAAAAAAAgEAAAAAAAAAKAAAAAAAAAAAAAAAAAAAA/Q=}}

@article{Ibrahim_2017,
	Author = {Ibrahim, Ibrahim Adel and Bassiouni, Mostafa},
	Date-Added = {2018-01-28 00:14:59 +0000},
	Date-Modified = {2018-01-28 00:14:59 +0000},
	Doi = {10.1109/smartcloud.2017.25},
	Isbn = {9781538636848},
	Journal = {2017 IEEE International Conference on Smart Cloud (SmartCloud)},
	Month = {Nov},
	Publisher = {IEEE},
	Title = {Improving MapReduce Performance with Progress and Feedback Based Speculative Execution},
	Url = {http://dx.doi.org/10.1109/SmartCloud.2017.25},
	Year = {2017},
	Bdsk-File-1 = {YnBsaXN0MDDUAQIDBAUGJCVYJHZlcnNpb25YJG9iamVjdHNZJGFyY2hpdmVyVCR0b3ASAAGGoKgHCBMUFRYaIVUkbnVsbNMJCgsMDxJXTlMua2V5c1pOUy5vYmplY3RzViRjbGFzc6INDoACgAOiEBGABIAFgAdccmVsYXRpdmVQYXRoWWFsaWFzRGF0YV8Qcy4uLy4uL1BhcGVycy9zdHJhZ2dsZXJzL0ltcHJvdmluZyBNYXBSZWR1Y2UgUGVyZm9ybWFuY2Ugd2l0aCBQcm9ncmVzcyBhbmQgRmVlZGJhY2sgYmFzZWQgIFNwZWN1bGF0aXZlIEV4ZWN1dGlvbi5wZGbSFwsYGVdOUy5kYXRhTxECtAAAAAACtAACAAAMTWFjaW50b3NoIEhEAAAAAAAAAAAAAAAAAAAAAAAAAEJEAAH/////H0ltcHJvdmluZyBNYXBSZWR1YyNGRkZGRkZGRi5wZGYAAAAAAAAAAAAAAAAAAAAAAAAAAAAAAAAAAAAAAAAAAP////8AAAAAAAAAAAAAAAAAAgADAAAKIGN1AAAAAAAAAAAAAAAAAApzdHJhZ2dsZXJzAAIAjy86VXNlcnM6bWFoemFka2hvc2hsZXNzYW46RGVza3RvcDpQYXBlcnM6c3RyYWdnbGVyczpJbXByb3ZpbmcgTWFwUmVkdWNlIFBlcmZvcm1hbmNlIHdpdGggUHJvZ3Jlc3MgYW5kIEZlZWRiYWNrIGJhc2VkICBTcGVjdWxhdGl2ZSBFeGVjdXRpb24ucGRmAAAOALgAWwBJAG0AcAByAG8AdgBpAG4AZwAgAE0AYQBwAFIAZQBkAHUAYwBlACAAUABlAHIAZgBvAHIAbQBhAG4AYwBlACAAdwBpAHQAaAAgAFAAcgBvAGcAcgBlAHMAcwAgAGEAbgBkACAARgBlAGUAZABiAGEAYwBrACAAYgBhAHMAZQBkACAAIABTAHAAZQBjAHUAbABhAHQAaQB2AGUAIABFAHgAZQBjAHUAdABpAG8AbgAuAHAAZABmAA8AGgAMAE0AYQBjAGkAbgB0AG8AcwBoACAASABEABIAjVVzZXJzL21haHphZGtob3NobGVzc2FuL0Rlc2t0b3AvUGFwZXJzL3N0cmFnZ2xlcnMvSW1wcm92aW5nIE1hcFJlZHVjZSBQZXJmb3JtYW5jZSB3aXRoIFByb2dyZXNzIGFuZCBGZWVkYmFjayBiYXNlZCAgU3BlY3VsYXRpdmUgRXhlY3V0aW9uLnBkZgAAEwABLwAAFQACABj//wAAgAbSGxwdHlokY2xhc3NuYW1lWCRjbGFzc2VzXU5TTXV0YWJsZURhdGGjHR8gVk5TRGF0YVhOU09iamVjdNIbHCIjXE5TRGljdGlvbmFyeaIiIF8QD05TS2V5ZWRBcmNoaXZlctEmJ1Ryb290gAEACAARABoAIwAtADIANwBAAEYATQBVAGAAZwBqAGwAbgBxAHMAdQB3AIQAjgEEAQkBEQPJA8sD0APbA+QD8gP2A/0EBgQLBBgEGwQtBDAENQAAAAAAAAIBAAAAAAAAACgAAAAAAAAAAAAAAAAAAAQ3}}

@conference{Ousterhout2015,
	Author = {Kay Ousterhout and Ryan Rasti and Sylvia Ratnasamy and Scott Shenker and Byung-Gon Chun},
	Booktitle = {12th USENIX Symposium on Networked System Design and Implementation},
	Date-Added = {2018-01-28 00:14:59 +0000},
	Date-Modified = {2018-01-28 00:29:42 +0000},
	Title = {Making Sense of Performance in Data Analytics Frameworks},
	Year = {2015},
	Bdsk-File-1 = {YnBsaXN0MDDUAQIDBAUGJCVYJHZlcnNpb25YJG9iamVjdHNZJGFyY2hpdmVyVCR0b3ASAAGGoKgHCBMUFRYaIVUkbnVsbNMJCgsMDxJXTlMua2V5c1pOUy5vYmplY3RzViRjbGFzc6INDoACgAOiEBGABIAFgAdccmVsYXRpdmVQYXRoWWFsaWFzRGF0YV8QTS4uLy4uL3N0cmFnZ2xlcnMvTWFraW5nIFNlbnNlIG9mIFBlcmZvcm1hbmNlIGluIERhdGEgQW5hbHl0aWNzIEZyYW1ld29ya3MucGRm0hcLGBlXTlMuZGF0YU8RAioAAAAAAioAAgAADE1hY2ludG9zaCBIRAAAAAAAAAAAAAAAAAAAAAAAAABCRAAB/////x9NYWtpbmcgU2Vuc2Ugb2YgUGUjRkZGRkZGRkYucGRmAAAAAAAAAAAAAAAAAAAAAAAAAAAAAAAAAAAAAAAAAAD/////AAAAAAAAAAAAAAAAAAIAAgAACiBjdQAAAAAAAAAAAAAAAAAKc3RyYWdnbGVycwACAGkvOlVzZXJzOm1haHphZGtob3NobGVzc2FuOkRlc2t0b3A6c3RyYWdnbGVyczpNYWtpbmcgU2Vuc2Ugb2YgUGVyZm9ybWFuY2UgaW4gRGF0YSBBbmFseXRpY3MgRnJhbWV3b3Jrcy5wZGYAAA4AegA8AE0AYQBrAGkAbgBnACAAUwBlAG4AcwBlACAAbwBmACAAUABlAHIAZgBvAHIAbQBhAG4AYwBlACAAaQBuACAARABhAHQAYQAgAEEAbgBhAGwAeQB0AGkAYwBzACAARgByAGEAbQBlAHcAbwByAGsAcwAuAHAAZABmAA8AGgAMAE0AYQBjAGkAbgB0AG8AcwBoACAASABEABIAZ1VzZXJzL21haHphZGtob3NobGVzc2FuL0Rlc2t0b3Avc3RyYWdnbGVycy9NYWtpbmcgU2Vuc2Ugb2YgUGVyZm9ybWFuY2UgaW4gRGF0YSBBbmFseXRpY3MgRnJhbWV3b3Jrcy5wZGYAABMAAS8AABUAAgAY//8AAIAG0hscHR5aJGNsYXNzbmFtZVgkY2xhc3Nlc11OU011dGFibGVEYXRhox0fIFZOU0RhdGFYTlNPYmplY3TSGxwiI1xOU0RpY3Rpb25hcnmiIiBfEA9OU0tleWVkQXJjaGl2ZXLRJidUcm9vdIABAAgAEQAaACMALQAyADcAQABGAE0AVQBgAGcAagBsAG4AcQBzAHUAdwCEAI4A3gDjAOsDGQMbAyADKwM0A0IDRgNNA1YDWwNoA2sDfQOAA4UAAAAAAAACAQAAAAAAAAAoAAAAAAAAAAAAAAAAAAADhw==}}

@article{Ahmad_2013,
	Author = {Ahmad, Faraz and Lee, Seyong and Thottethodi, Mithuna and Vijaykumar, T.N.},
	Date-Added = {2018-01-28 00:14:59 +0000},
	Date-Modified = {2018-01-28 00:14:59 +0000},
	Doi = {10.1016/j.jpdc.2012.12.012},
	Issn = {0743-7315},
	Journal = {Journal of Parallel and Distributed Computing},
	Month = {May},
	Number = {5},
	Pages = {608--620},
	Publisher = {Elsevier BV},
	Title = {MapReduce with communication overlap (MaRCO)},
	Url = {http://dx.doi.org/10.1016/j.jpdc.2012.12.012},
	Volume = {73},
	Year = {2013},
	Bdsk-File-1 = {YnBsaXN0MDDUAQIDBAUGJCVYJHZlcnNpb25YJG9iamVjdHNZJGFyY2hpdmVyVCR0b3ASAAGGoKgHCBMUFRYaIVUkbnVsbNMJCgsMDxJXTlMua2V5c1pOUy5vYmplY3RzViRjbGFzc6INDoACgAOiEBGABIAFgAdccmVsYXRpdmVQYXRoWWFsaWFzRGF0YV8QSC4uLy4uL1BhcGVycy9zdHJhZ2dsZXJzL01hcFJlZHVjZSB3aXRoIGNvbW11bmljYXRpb24gb3ZlcmxhcCAoTWFSQ08pLnBkZtIXCxgZV05TLmRhdGFPEQIGAAAAAAIGAAIAAAxNYWNpbnRvc2ggSEQAAAAAAAAAAAAAAAAAAAAAAAAAQkQAAf////8fTWFwUmVkdWNlIHdpdGggY29tI0ZGRkZGRkZGLnBkZgAAAAAAAAAAAAAAAAAAAAAAAAAAAAAAAAAAAAAAAAAA/////wAAAAAAAAAAAAAAAAACAAMAAAogY3UAAAAAAAAAAAAAAAAACnN0cmFnZ2xlcnMAAgBkLzpVc2VyczptYWh6YWRraG9zaGxlc3NhbjpEZXNrdG9wOlBhcGVyczpzdHJhZ2dsZXJzOk1hcFJlZHVjZSB3aXRoIGNvbW11bmljYXRpb24gb3ZlcmxhcCAoTWFSQ08pLnBkZgAOAGIAMABNAGEAcABSAGUAZAB1AGMAZQAgAHcAaQB0AGgAIABjAG8AbQBtAHUAbgBpAGMAYQB0AGkAbwBuACAAbwB2AGUAcgBsAGEAcAAgACgATQBhAFIAQwBPACkALgBwAGQAZgAPABoADABNAGEAYwBpAG4AdABvAHMAaAAgAEgARAASAGJVc2Vycy9tYWh6YWRraG9zaGxlc3Nhbi9EZXNrdG9wL1BhcGVycy9zdHJhZ2dsZXJzL01hcFJlZHVjZSB3aXRoIGNvbW11bmljYXRpb24gb3ZlcmxhcCAoTWFSQ08pLnBkZgATAAEvAAAVAAIAGP//AACABtIbHB0eWiRjbGFzc25hbWVYJGNsYXNzZXNdTlNNdXRhYmxlRGF0YaMdHyBWTlNEYXRhWE5TT2JqZWN00hscIiNcTlNEaWN0aW9uYXJ5oiIgXxAPTlNLZXllZEFyY2hpdmVy0SYnVHJvb3SAAQAIABEAGgAjAC0AMgA3AEAARgBNAFUAYABnAGoAbABuAHEAcwB1AHcAhACOANkA3gDmAvAC8gL3AwIDCwMZAx0DJAMtAzIDPwNCA1QDVwNcAAAAAAAAAgEAAAAAAAAAKAAAAAAAAAAAAAAAAAAAA14=}}

@conference{Dean2004,
	Author = {Jeffrey Dean and Sanjay Ghemawat},
	Booktitle = {OSDI'04 Sixth Symposium on Operating System Design and Implementation},
	Date-Added = {2018-01-28 00:14:59 +0000},
	Date-Modified = {2018-01-28 00:31:53 +0000},
	Title = {MapReduce: Simplified Data Processing on Large Clusters},
	Year = {2004},
	Bdsk-File-1 = {YnBsaXN0MDDUAQIDBAUGJCVYJHZlcnNpb25YJG9iamVjdHNZJGFyY2hpdmVyVCR0b3ASAAGGoKgHCBMUFRYaIVUkbnVsbNMJCgsMDxJXTlMua2V5c1pOUy5vYmplY3RzViRjbGFzc6INDoACgAOiEBGABIAFgAdccmVsYXRpdmVQYXRoWWFsaWFzRGF0YV8QUS4uLy4uL1BhcGVycy9zdHJhZ2dsZXJzL01hcFJlZHVjZS1TaW1wbGkCZWQgRGF0YSBQcm9jZXNzaW5nIG9uIExhcmdlIENsdXN0ZXJzLnBkZtIXCxgZV05TLmRhdGFPEQIsAAAAAAIsAAIAAAxNYWNpbnRvc2ggSEQAAAAAAAAAAAAAAAAAAAAAAAAAQkQAAf////8fTWFwUmVkdWNlLVNpbXBsaQJlI0ZGRkZGRkZGLnBkZgAAAAAAAAAAAAAAAAAAAAAAAAAAAAAAAAAAAAAAAAAA/////wAAAAAAAAAAAAAAAAACAAMAAAogY3UAAAAAAAAAAAAAAAAACnN0cmFnZ2xlcnMAAgBtLzpVc2VyczptYWh6YWRraG9zaGxlc3NhbjpEZXNrdG9wOlBhcGVyczpzdHJhZ2dsZXJzOk1hcFJlZHVjZS1TaW1wbGkCZWQgRGF0YSBQcm9jZXNzaW5nIG9uIExhcmdlIENsdXN0ZXJzLnBkZgAADgB0ADkATQBhAHAAUgBlAGQAdQBjAGUALQBTAGkAbQBwAGwAaQACAGUAZAAgAEQAYQB0AGEAIABQAHIAbwBjAGUAcwBzAGkAbgBnACAAbwBuACAATABhAHIAZwBlACAAQwBsAHUAcwB0AGUAcgBzAC4AcABkAGYADwAaAAwATQBhAGMAaQBuAHQAbwBzAGgAIABIAEQAEgBrVXNlcnMvbWFoemFka2hvc2hsZXNzYW4vRGVza3RvcC9QYXBlcnMvc3RyYWdnbGVycy9NYXBSZWR1Y2UtU2ltcGxpAmVkIERhdGEgUHJvY2Vzc2luZyBvbiBMYXJnZSBDbHVzdGVycy5wZGYAABMAAS8AABUAAgAY//8AAIAG0hscHR5aJGNsYXNzbmFtZVgkY2xhc3Nlc11OU011dGFibGVEYXRhox0fIFZOU0RhdGFYTlNPYmplY3TSGxwiI1xOU0RpY3Rpb25hcnmiIiBfEA9OU0tleWVkQXJjaGl2ZXLRJidUcm9vdIABAAgAEQAaACMALQAyADcAQABGAE0AVQBgAGcAagBsAG4AcQBzAHUAdwCEAI4A4gDnAO8DHwMhAyYDMQM6A0gDTANTA1wDYQNuA3EDgwOGA4sAAAAAAAACAQAAAAAAAAAoAAAAAAAAAAAAAAAAAAADjQ==}}

@proceedings{Coppa2015,
	Author = {Emilio Coppa, Irene Finocchi},
	Date-Added = {2018-01-28 00:14:59 +0000},
	Date-Modified = {2018-01-28 00:34:41 +0000},
	Editor = {SoCC '15 Proceedings of the Sixth ACM Symposium on Cloud Computing},
	Title = {On Data Skewness, Stragglers, and MapReduce Progress Indicators},
	Year = {2015},
	Bdsk-File-1 = {YnBsaXN0MDDUAQIDBAUGJCVYJHZlcnNpb25YJG9iamVjdHNZJGFyY2hpdmVyVCR0b3ASAAGGoKgHCBMUFRYaIVUkbnVsbNMJCgsMDxJXTlMua2V5c1pOUy5vYmplY3RzViRjbGFzc6INDoACgAOiEBGABIAFgAdccmVsYXRpdmVQYXRoWWFsaWFzRGF0YV8QWy4uLy4uL1BhcGVycy9zdHJhZ2dsZXJzL09uIERhdGEgU2tld25lc3MsIFN0cmFnZ2xlcnMsIGFuZCBNYXBSZWR1Y2UgUHJvZ3Jlc3MgSW5kaWNhdG9ycy5wZGbSFwsYGVdOUy5kYXRhTxECVAAAAAACVAACAAAMTWFjaW50b3NoIEhEAAAAAAAAAAAAAAAAAAAAAAAAAEJEAAH/////H09uIERhdGEgU2tld25lc3MsICNGRkZGRkZGRi5wZGYAAAAAAAAAAAAAAAAAAAAAAAAAAAAAAAAAAAAAAAAAAP////8AAAAAAAAAAAAAAAAAAgADAAAKIGN1AAAAAAAAAAAAAAAAAApzdHJhZ2dsZXJzAAIAdy86VXNlcnM6bWFoemFka2hvc2hsZXNzYW46RGVza3RvcDpQYXBlcnM6c3RyYWdnbGVyczpPbiBEYXRhIFNrZXduZXNzLCBTdHJhZ2dsZXJzLCBhbmQgTWFwUmVkdWNlIFByb2dyZXNzIEluZGljYXRvcnMucGRmAAAOAIgAQwBPAG4AIABEAGEAdABhACAAUwBrAGUAdwBuAGUAcwBzACwAIABTAHQAcgBhAGcAZwBsAGUAcgBzACwAIABhAG4AZAAgAE0AYQBwAFIAZQBkAHUAYwBlACAAUAByAG8AZwByAGUAcwBzACAASQBuAGQAaQBjAGEAdABvAHIAcwAuAHAAZABmAA8AGgAMAE0AYQBjAGkAbgB0AG8AcwBoACAASABEABIAdVVzZXJzL21haHphZGtob3NobGVzc2FuL0Rlc2t0b3AvUGFwZXJzL3N0cmFnZ2xlcnMvT24gRGF0YSBTa2V3bmVzcywgU3RyYWdnbGVycywgYW5kIE1hcFJlZHVjZSBQcm9ncmVzcyBJbmRpY2F0b3JzLnBkZgAAEwABLwAAFQACABj//wAAgAbSGxwdHlokY2xhc3NuYW1lWCRjbGFzc2VzXU5TTXV0YWJsZURhdGGjHR8gVk5TRGF0YVhOU09iamVjdNIbHCIjXE5TRGljdGlvbmFyeaIiIF8QD05TS2V5ZWRBcmNoaXZlctEmJ1Ryb290gAEACAARABoAIwAtADIANwBAAEYATQBVAGAAZwBqAGwAbgBxAHMAdQB3AIQAjgDsAPEA+QNRA1MDWANjA2wDegN+A4UDjgOTA6ADowO1A7gDvQAAAAAAAAIBAAAAAAAAACgAAAAAAAAAAAAAAAAAAAO/}}

@proceedings{:af,
	Date-Added = {2018-01-28 00:14:59 +0000},
	Date-Modified = {2018-01-28 00:14:59 +0000},
	Bdsk-File-1 = {YnBsaXN0MDDUAQIDBAUGJCVYJHZlcnNpb25YJG9iamVjdHNZJGFyY2hpdmVyVCR0b3ASAAGGoKgHCBMUFRYaIVUkbnVsbNMJCgsMDxJXTlMua2V5c1pOUy5vYmplY3RzViRjbGFzc6INDoACgAOiEBGABIAFgAdccmVsYXRpdmVQYXRoWWFsaWFzRGF0YV8Qei4uLy4uL1BhcGVycy9zdHJhZ2dsZXJzL1F1YW4gQ2hlbiwgTWlueWkgR3VvLVRhc2sgU2NoZWR1bGluZyBmb3IgTXVsdGktQ29yZSBhbmQgUGFyYWxsZWwgQXJjaGl0ZWN0dXJlcy1TcHJpbmdlciAoMjAxNykucGRm0hcLGBlXTlMuZGF0YU8RAs4AAAAAAs4AAgAADE1hY2ludG9zaCBIRAAAAAAAAAAAAAAAAAAAAAAAAABCRAAB/////x9RdWFuIENoZW4sIE1pbnlpIEcjRkZGRkZGRkYucGRmAAAAAAAAAAAAAAAAAAAAAAAAAAAAAAAAAAAAAAAAAAD/////AAAAAAAAAAAAAAAAAAIAAwAACiBjdQAAAAAAAAAAAAAAAAAKc3RyYWdnbGVycwACAJYvOlVzZXJzOm1haHphZGtob3NobGVzc2FuOkRlc2t0b3A6UGFwZXJzOnN0cmFnZ2xlcnM6UXVhbiBDaGVuLCBNaW55aSBHdW8tVGFzayBTY2hlZHVsaW5nIGZvciBNdWx0aS1Db3JlIGFuZCBQYXJhbGxlbCBBcmNoaXRlY3R1cmVzLVNwcmluZ2VyICgyMDE3KS5wZGYADgDGAGIAUQB1AGEAbgAgAEMAaABlAG4ALAAgAE0AaQBuAHkAaQAgAEcAdQBvAC0AVABhAHMAawAgAFMAYwBoAGUAZAB1AGwAaQBuAGcAIABmAG8AcgAgAE0AdQBsAHQAaQAtAEMAbwByAGUAIABhAG4AZAAgAFAAYQByAGEAbABsAGUAbAAgAEEAcgBjAGgAaQB0AGUAYwB0AHUAcgBlAHMALQBTAHAAcgBpAG4AZwBlAHIAIAAoADIAMAAxADcAKQAuAHAAZABmAA8AGgAMAE0AYQBjAGkAbgB0AG8AcwBoACAASABEABIAlFVzZXJzL21haHphZGtob3NobGVzc2FuL0Rlc2t0b3AvUGFwZXJzL3N0cmFnZ2xlcnMvUXVhbiBDaGVuLCBNaW55aSBHdW8tVGFzayBTY2hlZHVsaW5nIGZvciBNdWx0aS1Db3JlIGFuZCBQYXJhbGxlbCBBcmNoaXRlY3R1cmVzLVNwcmluZ2VyICgyMDE3KS5wZGYAEwABLwAAFQACABj//wAAgAbSGxwdHlokY2xhc3NuYW1lWCRjbGFzc2VzXU5TTXV0YWJsZURhdGGjHR8gVk5TRGF0YVhOU09iamVjdNIbHCIjXE5TRGljdGlvbmFyeaIiIF8QD05TS2V5ZWRBcmNoaXZlctEmJ1Ryb290gAEACAARABoAIwAtADIANwBAAEYATQBVAGAAZwBqAGwAbgBxAHMAdQB3AIQAjgELARABGAPqA+wD8QP8BAUEEwQXBB4EJwQsBDkEPAROBFEEVgAAAAAAAAIBAAAAAAAAACgAAAAAAAAAAAAAAAAAAARY}}

@conference{Ouyang2016,
	Author = {Xue Ouyang, Peter Garraghan, Renyu Yang, Paul Townend, Jie Xu},
	Booktitle = {46th Annual IEEE/IFIP International Conference on Dependable Systems and Network},
	Date-Added = {2018-01-28 00:14:59 +0000},
	Date-Modified = {2018-01-28 00:36:58 +0000},
	Title = {Reducing Late-Timing Failure at Scale: Straggler Root- Cause Analysis in Cloud Datacenters},
	Year = {2016},
	Bdsk-File-1 = {YnBsaXN0MDDUAQIDBAUGJCVYJHZlcnNpb25YJG9iamVjdHNZJGFyY2hpdmVyVCR0b3ASAAGGoKgHCBMUFRYaIVUkbnVsbNMJCgsMDxJXTlMua2V5c1pOUy5vYmplY3RzViRjbGFzc6INDoACgAOiEBGABIAFgAdccmVsYXRpdmVQYXRoWWFsaWFzRGF0YV8Qdi4uLy4uL1BhcGVycy9zdHJhZ2dsZXJzL1JlZHVjaW5nIExhdGUtVGltaW5nIEZhaWx1cmUgYXQgU2NhbGUtIFN0cmFnZ2xlciBSb290LSBDYXVzZSBBbmFseXNpcyBpbiBDbG91ZCBEYXRhY2VudGVycy5wZGbSFwsYGVdOUy5kYXRhTxECvgAAAAACvgACAAAMTWFjaW50b3NoIEhEAAAAAAAAAAAAAAAAAAAAAAAAAEJEAAH/////H1JlZHVjaW5nIExhdGUtVGltaSNGRkZGRkZGRi5wZGYAAAAAAAAAAAAAAAAAAAAAAAAAAAAAAAAAAAAAAAAAAP////8AAAAAAAAAAAAAAAAAAgADAAAKIGN1AAAAAAAAAAAAAAAAAApzdHJhZ2dsZXJzAAIAki86VXNlcnM6bWFoemFka2hvc2hsZXNzYW46RGVza3RvcDpQYXBlcnM6c3RyYWdnbGVyczpSZWR1Y2luZyBMYXRlLVRpbWluZyBGYWlsdXJlIGF0IFNjYWxlLSBTdHJhZ2dsZXIgUm9vdC0gQ2F1c2UgQW5hbHlzaXMgaW4gQ2xvdWQgRGF0YWNlbnRlcnMucGRmAA4AvgBeAFIAZQBkAHUAYwBpAG4AZwAgAEwAYQB0AGUALQBUAGkAbQBpAG4AZwAgAEYAYQBpAGwAdQByAGUAIABhAHQAIABTAGMAYQBsAGUALQAgAFMAdAByAGEAZwBnAGwAZQByACAAUgBvAG8AdAAtACAAQwBhAHUAcwBlACAAQQBuAGEAbAB5AHMAaQBzACAAaQBuACAAQwBsAG8AdQBkACAARABhAHQAYQBjAGUAbgB0AGUAcgBzAC4AcABkAGYADwAaAAwATQBhAGMAaQBuAHQAbwBzAGgAIABIAEQAEgCQVXNlcnMvbWFoemFka2hvc2hsZXNzYW4vRGVza3RvcC9QYXBlcnMvc3RyYWdnbGVycy9SZWR1Y2luZyBMYXRlLVRpbWluZyBGYWlsdXJlIGF0IFNjYWxlLSBTdHJhZ2dsZXIgUm9vdC0gQ2F1c2UgQW5hbHlzaXMgaW4gQ2xvdWQgRGF0YWNlbnRlcnMucGRmABMAAS8AABUAAgAY//8AAIAG0hscHR5aJGNsYXNzbmFtZVgkY2xhc3Nlc11OU011dGFibGVEYXRhox0fIFZOU0RhdGFYTlNPYmplY3TSGxwiI1xOU0RpY3Rpb25hcnmiIiBfEA9OU0tleWVkQXJjaGl2ZXLRJidUcm9vdIABAAgAEQAaACMALQAyADcAQABGAE0AVQBgAGcAagBsAG4AcQBzAHUAdwCEAI4BBwEMARQD1gPYA90D6APxA/8EAwQKBBMEGAQlBCgEOgQ9BEIAAAAAAAACAQAAAAAAAAAoAAAAAAAAAAAAAAAAAAAERA==}}

@conference{Ananthanarayanan2010,
	Author = {Ganesh Ananthanarayanan and Srikanth Kandula and Albert Greenberg and Ion Stoica and Yi Lu and Bikas Saha and Edward Harris},
	Booktitle = {9th USENIX Symposium on Operating Systems Design and Implementation},
	Date-Added = {2018-01-28 00:14:59 +0000},
	Date-Modified = {2018-01-28 00:40:44 +0000},
	Title = {Reining in the Outliers in Map-Reduce Clusters using Mantri},
	Year = {2010},
	Bdsk-File-1 = {YnBsaXN0MDDUAQIDBAUGJCVYJHZlcnNpb25YJG9iamVjdHNZJGFyY2hpdmVyVCR0b3ASAAGGoKgHCBMUFRYaIVUkbnVsbNMJCgsMDxJXTlMua2V5c1pOUy5vYmplY3RzViRjbGFzc6INDoACgAOiEBGABIAFgAdccmVsYXRpdmVQYXRoWWFsaWFzRGF0YV8QVy4uLy4uL1BhcGVycy9zdHJhZ2dsZXJzL1JlaW5pbmcgaW4gdGhlIE91dGxpZXJzIGluIE1hcC1SZWR1Y2UgQ2x1c3RlcnMgdXNpbmcgTWFudHJpLnBkZtIXCxgZV05TLmRhdGFPEQJEAAAAAAJEAAIAAAxNYWNpbnRvc2ggSEQAAAAAAAAAAAAAAAAAAAAAAAAAQkQAAf////8fUmVpbmluZyBpbiB0aGUgT3V0I0ZGRkZGRkZGLnBkZgAAAAAAAAAAAAAAAAAAAAAAAAAAAAAAAAAAAAAAAAAA/////wAAAAAAAAAAAAAAAAACAAMAAAogY3UAAAAAAAAAAAAAAAAACnN0cmFnZ2xlcnMAAgBzLzpVc2VyczptYWh6YWRraG9zaGxlc3NhbjpEZXNrdG9wOlBhcGVyczpzdHJhZ2dsZXJzOlJlaW5pbmcgaW4gdGhlIE91dGxpZXJzIGluIE1hcC1SZWR1Y2UgQ2x1c3RlcnMgdXNpbmcgTWFudHJpLnBkZgAADgCAAD8AUgBlAGkAbgBpAG4AZwAgAGkAbgAgAHQAaABlACAATwB1AHQAbABpAGUAcgBzACAAaQBuACAATQBhAHAALQBSAGUAZAB1AGMAZQAgAEMAbAB1AHMAdABlAHIAcwAgAHUAcwBpAG4AZwAgAE0AYQBuAHQAcgBpAC4AcABkAGYADwAaAAwATQBhAGMAaQBuAHQAbwBzAGgAIABIAEQAEgBxVXNlcnMvbWFoemFka2hvc2hsZXNzYW4vRGVza3RvcC9QYXBlcnMvc3RyYWdnbGVycy9SZWluaW5nIGluIHRoZSBPdXRsaWVycyBpbiBNYXAtUmVkdWNlIENsdXN0ZXJzIHVzaW5nIE1hbnRyaS5wZGYAABMAAS8AABUAAgAY//8AAIAG0hscHR5aJGNsYXNzbmFtZVgkY2xhc3Nlc11OU011dGFibGVEYXRhox0fIFZOU0RhdGFYTlNPYmplY3TSGxwiI1xOU0RpY3Rpb25hcnmiIiBfEA9OU0tleWVkQXJjaGl2ZXLRJidUcm9vdIABAAgAEQAaACMALQAyADcAQABGAE0AVQBgAGcAagBsAG4AcQBzAHUAdwCEAI4A6ADtAPUDPQM/A0QDTwNYA2YDagNxA3oDfwOMA48DoQOkA6kAAAAAAAACAQAAAAAAAAAoAAAAAAAAAAAAAAAAAAADqw==}}

@article{Bhandare2016,
	Author = {Ashwin Bhandare and Jitin George and Supreet Deshpande and Yash Karle},
	Date-Added = {2018-01-28 00:14:59 +0000},
	Date-Modified = {2018-01-28 00:42:32 +0000},
	Journal = {International Journal of Computer Science and Information Technologies},
	Title = {Review and Analysis of Straggler Handling Techniques},
	Year = {2016},
	Bdsk-File-1 = {YnBsaXN0MDDUAQIDBAUGJCVYJHZlcnNpb25YJG9iamVjdHNZJGFyY2hpdmVyVCR0b3ASAAGGoKgHCBMUFRYaIVUkbnVsbNMJCgsMDxJXTlMua2V5c1pOUy5vYmplY3RzViRjbGFzc6INDoACgAOiEBGABIAFgAdccmVsYXRpdmVQYXRoWWFsaWFzRGF0YV8QUi4uLy4uL1BhcGVycy9zdHJhZ2dsZXJzL1JldmlldyBhbmQgQW5hbHlzaXMgb2YgU3RyYWdnbGVyIEhhbmRsaW5nICBUZWNobmlxdWVzIC5wZGbSFwsYGVdOUy5kYXRhTxECLgAAAAACLgACAAAMTWFjaW50b3NoIEhEAAAAAAAAAAAAAAAAAAAAAAAAAEJEAAH/////H1JldmlldyBhbmQgQW5hbHlzaSNGRkZGRkZGRi5wZGYAAAAAAAAAAAAAAAAAAAAAAAAAAAAAAAAAAAAAAAAAAP////8AAAAAAAAAAAAAAAAAAgADAAAKIGN1AAAAAAAAAAAAAAAAAApzdHJhZ2dsZXJzAAIAbi86VXNlcnM6bWFoemFka2hvc2hsZXNzYW46RGVza3RvcDpQYXBlcnM6c3RyYWdnbGVyczpSZXZpZXcgYW5kIEFuYWx5c2lzIG9mIFN0cmFnZ2xlciBIYW5kbGluZyAgVGVjaG5pcXVlcyAucGRmAA4AdgA6AFIAZQB2AGkAZQB3ACAAYQBuAGQAIABBAG4AYQBsAHkAcwBpAHMAIABvAGYAIABTAHQAcgBhAGcAZwBsAGUAcgAgAEgAYQBuAGQAbABpAG4AZwAgACAAVABlAGMAaABuAGkAcQB1AGUAcwAgAC4AcABkAGYADwAaAAwATQBhAGMAaQBuAHQAbwBzAGgAIABIAEQAEgBsVXNlcnMvbWFoemFka2hvc2hsZXNzYW4vRGVza3RvcC9QYXBlcnMvc3RyYWdnbGVycy9SZXZpZXcgYW5kIEFuYWx5c2lzIG9mIFN0cmFnZ2xlciBIYW5kbGluZyAgVGVjaG5pcXVlcyAucGRmABMAAS8AABUAAgAY//8AAIAG0hscHR5aJGNsYXNzbmFtZVgkY2xhc3Nlc11OU011dGFibGVEYXRhox0fIFZOU0RhdGFYTlNPYmplY3TSGxwiI1xOU0RpY3Rpb25hcnmiIiBfEA9OU0tleWVkQXJjaGl2ZXLRJidUcm9vdIABAAgAEQAaACMALQAyADcAQABGAE0AVQBgAGcAagBsAG4AcQBzAHUAdwCEAI4A4wDoAPADIgMkAykDNAM9A0sDTwNWA18DZANxA3QDhgOJA44AAAAAAAACAQAAAAAAAAAoAAAAAAAAAAAAAAAAAAADkA==}}

@article{Garraghan_2015,
	Author = {Garraghan, Peter and Ouyang, Xue and Townend, Paul and Xu, Jie},
	Date-Added = {2018-01-28 00:14:59 +0000},
	Date-Modified = {2018-01-28 00:14:59 +0000},
	Doi = {10.1109/isorc.2015.39},
	Isbn = {9781479987818},
	Journal = {2015 IEEE 18th International Symposium on Real-Time Distributed Computing},
	Month = {Apr},
	Publisher = {IEEE},
	Title = {Timely Long Tail Identification through Agent Based Monitoring and Analytics},
	Url = {http://dx.doi.org/10.1109/ISORC.2015.39},
	Year = {2015},
	Bdsk-File-1 = {YnBsaXN0MDDUAQIDBAUGJCVYJHZlcnNpb25YJG9iamVjdHNZJGFyY2hpdmVyVCR0b3ASAAGGoKgHCBMUFRYaIVUkbnVsbNMJCgsMDxJXTlMua2V5c1pOUy5vYmplY3RzViRjbGFzc6INDoACgAOiEBGABIAFgAdccmVsYXRpdmVQYXRoWWFsaWFzRGF0YV8QaS4uLy4uL1BhcGVycy9zdHJhZ2dsZXJzL1RpbWVseSBMb25nIFRhaWwgSWRlbnRpZmljYXRpb24gVGhyb3VnaCBBZ2VudCBCYXNlZCAgTW9uaXRvcmluZyBhbmQgQW5hbHl0aWNzLnBkZtIXCxgZV05TLmRhdGFPEQKMAAAAAAKMAAIAAAxNYWNpbnRvc2ggSEQAAAAAAAAAAAAAAAAAAAAAAAAAQkQAAf////8fVGltZWx5IExvbmcgVGFpbCBJI0ZGRkZGRkZGLnBkZgAAAAAAAAAAAAAAAAAAAAAAAAAAAAAAAAAAAAAAAAAA/////wAAAAAAAAAAAAAAAAACAAMAAAogY3UAAAAAAAAAAAAAAAAACnN0cmFnZ2xlcnMAAgCFLzpVc2VyczptYWh6YWRraG9zaGxlc3NhbjpEZXNrdG9wOlBhcGVyczpzdHJhZ2dsZXJzOlRpbWVseSBMb25nIFRhaWwgSWRlbnRpZmljYXRpb24gVGhyb3VnaCBBZ2VudCBCYXNlZCAgTW9uaXRvcmluZyBhbmQgQW5hbHl0aWNzLnBkZgAADgCkAFEAVABpAG0AZQBsAHkAIABMAG8AbgBnACAAVABhAGkAbAAgAEkAZABlAG4AdABpAGYAaQBjAGEAdABpAG8AbgAgAFQAaAByAG8AdQBnAGgAIABBAGcAZQBuAHQAIABCAGEAcwBlAGQAIAAgAE0AbwBuAGkAdABvAHIAaQBuAGcAIABhAG4AZAAgAEEAbgBhAGwAeQB0AGkAYwBzAC4AcABkAGYADwAaAAwATQBhAGMAaQBuAHQAbwBzAGgAIABIAEQAEgCDVXNlcnMvbWFoemFka2hvc2hsZXNzYW4vRGVza3RvcC9QYXBlcnMvc3RyYWdnbGVycy9UaW1lbHkgTG9uZyBUYWlsIElkZW50aWZpY2F0aW9uIFRocm91Z2ggQWdlbnQgQmFzZWQgIE1vbml0b3JpbmcgYW5kIEFuYWx5dGljcy5wZGYAABMAAS8AABUAAgAY//8AAIAG0hscHR5aJGNsYXNzbmFtZVgkY2xhc3Nlc11OU011dGFibGVEYXRhox0fIFZOU0RhdGFYTlNPYmplY3TSGxwiI1xOU0RpY3Rpb25hcnmiIiBfEA9OU0tleWVkQXJjaGl2ZXLRJidUcm9vdIABAAgAEQAaACMALQAyADcAQABGAE0AVQBgAGcAagBsAG4AcQBzAHUAdwCEAI4A+gD/AQcDlwOZA54DqQOyA8ADxAPLA9QD2QPmA+kD+wP+BAMAAAAAAAACAQAAAAAAAAAoAAAAAAAAAAAAAAAAAAAEBQ==}}

@article{Garraghan2016,
	Author = {Garraghan, P, Ouyang, X, Yang, R et al.},
	Date-Added = {2018-01-28 00:14:59 +0000},
	Date-Modified = {2018-01-28 00:44:13 +0000},
	Journal = {IEEE Transactions on Services Computing},
	Title = {Straggler Root-Cause and Impact Analysis for Massive-scale Virtualized Cloud Datacenters},
	Year = {2016},
	Bdsk-File-1 = {YnBsaXN0MDDUAQIDBAUGJCVYJHZlcnNpb25YJG9iamVjdHNZJGFyY2hpdmVyVCR0b3ASAAGGoKgHCBMUFRYaIVUkbnVsbNMJCgsMDxJXTlMua2V5c1pOUy5vYmplY3RzViRjbGFzc6INDoACgAOiEBGABIAFgAdccmVsYXRpdmVQYXRoWWFsaWFzRGF0YV8QJC4uLy4uL1BhcGVycy9zdHJhZ2dsZXJzL3RzYzIwMTZiLnBkZtIXCxgZV05TLmRhdGFPEQF2AAAAAAF2AAIAAAxNYWNpbnRvc2ggSEQAAAAAAAAAAAAAAAAAAAAAAAAAQkQAAf////8MdHNjMjAxNmIucGRmAAAAAAAAAAAAAAAAAAAAAAAAAAAAAAAAAAAAAAAAAAAAAAAAAAAAAAAAAAAAAAAAAAAA/////wAAAAAAAAAAAAAAAAACAAMAAAogY3UAAAAAAAAAAAAAAAAACnN0cmFnZ2xlcnMAAgBALzpVc2VyczptYWh6YWRraG9zaGxlc3NhbjpEZXNrdG9wOlBhcGVyczpzdHJhZ2dsZXJzOnRzYzIwMTZiLnBkZgAOABoADAB0AHMAYwAyADAAMQA2AGIALgBwAGQAZgAPABoADABNAGEAYwBpAG4AdABvAHMAaAAgAEgARAASAD5Vc2Vycy9tYWh6YWRraG9zaGxlc3Nhbi9EZXNrdG9wL1BhcGVycy9zdHJhZ2dsZXJzL3RzYzIwMTZiLnBkZgATAAEvAAAVAAIAGP//AACABtIbHB0eWiRjbGFzc25hbWVYJGNsYXNzZXNdTlNNdXRhYmxlRGF0YaMdHyBWTlNEYXRhWE5TT2JqZWN00hscIiNcTlNEaWN0aW9uYXJ5oiIgXxAPTlNLZXllZEFyY2hpdmVy0SYnVHJvb3SAAQAIABEAGgAjAC0AMgA3AEAARgBNAFUAYABnAGoAbABuAHEAcwB1AHcAhACOALUAugDCAjwCPgJDAk4CVwJlAmkCcAJ5An4CiwKOAqACowKoAAAAAAAAAgEAAAAAAAAAKAAAAAAAAAAAAAAAAAAAAqo=}}

@proceedings{Zaharia2008,
	Date-Added = {2018-01-28 00:14:35 +0000},
	Date-Modified = {2018-01-28 00:18:46 +0000},
	Title = {Improving MapReduce Performance in Heterogeneous Environments},
	Year = {2008},
	Bdsk-File-1 = {YnBsaXN0MDDUAQIDBAUGJCVYJHZlcnNpb25YJG9iamVjdHNZJGFyY2hpdmVyVCR0b3ASAAGGoKgHCBMUFRYaIVUkbnVsbNMJCgsMDxJXTlMua2V5c1pOUy5vYmplY3RzViRjbGFzc6INDoACgAOiEBGABIAFgAdccmVsYXRpdmVQYXRoWWFsaWFzRGF0YV8QWS4uLy4uL1BhcGVycy9zdHJhZ2dsZXJzL0ltcHJvdmluZyBNYXBSZWR1Y2UgUGVyZm9ybWFuY2UgaW4gSGV0ZXJvZ2VuZW91cyBFbnZpcm9ubWVudHMucGRm0hcLGBlXTlMuZGF0YU8RAkwAAAAAAkwAAgAADE1hY2ludG9zaCBIRAAAAAAAAAAAAAAAAAAAAAAAAABCRAAB/////x9JbXByb3ZpbmcgTWFwUmVkdWMjRkZGRkZGRkYucGRmAAAAAAAAAAAAAAAAAAAAAAAAAAAAAAAAAAAAAAAAAAD/////AAAAAAAAAAAAAAAAAAIAAwAACiBjdQAAAAAAAAAAAAAAAAAKc3RyYWdnbGVycwACAHUvOlVzZXJzOm1haHphZGtob3NobGVzc2FuOkRlc2t0b3A6UGFwZXJzOnN0cmFnZ2xlcnM6SW1wcm92aW5nIE1hcFJlZHVjZSBQZXJmb3JtYW5jZSBpbiBIZXRlcm9nZW5lb3VzIEVudmlyb25tZW50cy5wZGYAAA4AhABBAEkAbQBwAHIAbwB2AGkAbgBnACAATQBhAHAAUgBlAGQAdQBjAGUAIABQAGUAcgBmAG8AcgBtAGEAbgBjAGUAIABpAG4AIABIAGUAdABlAHIAbwBnAGUAbgBlAG8AdQBzACAARQBuAHYAaQByAG8AbgBtAGUAbgB0AHMALgBwAGQAZgAPABoADABNAGEAYwBpAG4AdABvAHMAaAAgAEgARAASAHNVc2Vycy9tYWh6YWRraG9zaGxlc3Nhbi9EZXNrdG9wL1BhcGVycy9zdHJhZ2dsZXJzL0ltcHJvdmluZyBNYXBSZWR1Y2UgUGVyZm9ybWFuY2UgaW4gSGV0ZXJvZ2VuZW91cyBFbnZpcm9ubWVudHMucGRmAAATAAEvAAAVAAIAGP//AACABtIbHB0eWiRjbGFzc25hbWVYJGNsYXNzZXNdTlNNdXRhYmxlRGF0YaMdHyBWTlNEYXRhWE5TT2JqZWN00hscIiNcTlNEaWN0aW9uYXJ5oiIgXxAPTlNLZXllZEFyY2hpdmVy0SYnVHJvb3SAAQAIABEAGgAjAC0AMgA3AEAARgBNAFUAYABnAGoAbABuAHEAcwB1AHcAhACOAOoA7wD3A0cDSQNOA1kDYgNwA3QDewOEA4kDlgOZA6sDrgOzAAAAAAAAAgEAAAAAAAAAKAAAAAAAAAAAAAAAAAAAA7U=}}

@proceedings{Rosen2012,
	Date-Added = {2018-01-28 00:08:37 +0000},
	Date-Modified = {2018-01-28 00:13:51 +0000},
	Title = {Fine-Grained Micro-Tasks for MapReduce Skew-Handling},
	Year = {2012},
	Bdsk-File-1 = {YnBsaXN0MDDUAQIDBAUGJCVYJHZlcnNpb25YJG9iamVjdHNZJGFyY2hpdmVyVCR0b3ASAAGGoKgHCBMUFRYaIVUkbnVsbNMJCgsMDxJXTlMua2V5c1pOUy5vYmplY3RzViRjbGFzc6INDoACgAOiEBGABIAFgAdccmVsYXRpdmVQYXRoWWFsaWFzRGF0YV8QUC4uLy4uL1BhcGVycy9zdHJhZ2dsZXJzL0ZpbmUtR3JhaW5lZCBNaWNyby1UYXNrcyBmb3IgTWFwUmVkdWNlIFNrZXctSGFuZGxpbmcucGRm0hcLGBlXTlMuZGF0YU8RAiYAAAAAAiYAAgAADE1hY2ludG9zaCBIRAAAAAAAAAAAAAAAAAAAAAAAAABCRAAB/////x9GaW5lLUdyYWluZWQgTWljcm8jRkZGRkZGRkYucGRmAAAAAAAAAAAAAAAAAAAAAAAAAAAAAAAAAAAAAAAAAAD/////AAAAAAAAAAAAAAAAAAIAAwAACiBjdQAAAAAAAAAAAAAAAAAKc3RyYWdnbGVycwACAGwvOlVzZXJzOm1haHphZGtob3NobGVzc2FuOkRlc2t0b3A6UGFwZXJzOnN0cmFnZ2xlcnM6RmluZS1HcmFpbmVkIE1pY3JvLVRhc2tzIGZvciBNYXBSZWR1Y2UgU2tldy1IYW5kbGluZy5wZGYADgByADgARgBpAG4AZQAtAEcAcgBhAGkAbgBlAGQAIABNAGkAYwByAG8ALQBUAGEAcwBrAHMAIABmAG8AcgAgAE0AYQBwAFIAZQBkAHUAYwBlACAAUwBrAGUAdwAtAEgAYQBuAGQAbABpAG4AZwAuAHAAZABmAA8AGgAMAE0AYQBjAGkAbgB0AG8AcwBoACAASABEABIAalVzZXJzL21haHphZGtob3NobGVzc2FuL0Rlc2t0b3AvUGFwZXJzL3N0cmFnZ2xlcnMvRmluZS1HcmFpbmVkIE1pY3JvLVRhc2tzIGZvciBNYXBSZWR1Y2UgU2tldy1IYW5kbGluZy5wZGYAEwABLwAAFQACABj//wAAgAbSGxwdHlokY2xhc3NuYW1lWCRjbGFzc2VzXU5TTXV0YWJsZURhdGGjHR8gVk5TRGF0YVhOU09iamVjdNIbHCIjXE5TRGljdGlvbmFyeaIiIF8QD05TS2V5ZWRBcmNoaXZlctEmJ1Ryb290gAEACAARABoAIwAtADIANwBAAEYATQBVAGAAZwBqAGwAbgBxAHMAdQB3AIQAjgDhAOYA7gMYAxoDHwMqAzMDQQNFA0wDVQNaA2cDagN8A38DhAAAAAAAAAIBAAAAAAAAACgAAAAAAAAAAAAAAAAAAAOG}}

@article{Yang2017,
	Author = {Lei Yang, Yu Dai, Bin Zhang},
	Date-Added = {2018-01-28 00:08:29 +0000},
	Date-Modified = {2018-01-28 00:11:49 +0000},
	Journal = {Mathematical Problems in Engineering},
	Title = {Optimized Speculative Execution to Improve Performance of MapReduce Jobs on Virtualized Computing Environment Optimized Speculative Execution to Improve Performance of MapReduce Jobs on Virtualized Computing Environment},
	Year = {2017},
	Bdsk-File-1 = {YnBsaXN0MDDUAQIDBAUGJCVYJHZlcnNpb25YJG9iamVjdHNZJGFyY2hpdmVyVCR0b3ASAAGGoKgHCBMUFRYaIVUkbnVsbNMJCgsMDxJXTlMua2V5c1pOUy5vYmplY3RzViRjbGFzc6INDoACgAOiEBGABIAFgAdccmVsYXRpdmVQYXRoWWFsaWFzRGF0YV8QIy4uLy4uL1BhcGVycy9zdHJhZ2dsZXJzLzI3MjQ1MzEucGRm0hcLGBlXTlMuZGF0YU8RAXQAAAAAAXQAAgAADE1hY2ludG9zaCBIRAAAAAAAAAAAAAAAAAAAAAAAAABCRAAB/////wsyNzI0NTMxLnBkZgAAAAAAAAAAAAAAAAAAAAAAAAAAAAAAAAAAAAAAAAAAAAAAAAAAAAAAAAAAAAAAAAAAAAD/////AAAAAAAAAAAAAAAAAAIAAwAACiBjdQAAAAAAAAAAAAAAAAAKc3RyYWdnbGVycwACAD8vOlVzZXJzOm1haHphZGtob3NobGVzc2FuOkRlc2t0b3A6UGFwZXJzOnN0cmFnZ2xlcnM6MjcyNDUzMS5wZGYAAA4AGAALADIANwAyADQANQAzADEALgBwAGQAZgAPABoADABNAGEAYwBpAG4AdABvAHMAaAAgAEgARAASAD1Vc2Vycy9tYWh6YWRraG9zaGxlc3Nhbi9EZXNrdG9wL1BhcGVycy9zdHJhZ2dsZXJzLzI3MjQ1MzEucGRmAAATAAEvAAAVAAIAGP//AACABtIbHB0eWiRjbGFzc25hbWVYJGNsYXNzZXNdTlNNdXRhYmxlRGF0YaMdHyBWTlNEYXRhWE5TT2JqZWN00hscIiNcTlNEaWN0aW9uYXJ5oiIgXxAPTlNLZXllZEFyY2hpdmVy0SYnVHJvb3SAAQAIABEAGgAjAC0AMgA3AEAARgBNAFUAYABnAGoAbABuAHEAcwB1AHcAhACOALQAuQDBAjkCOwJAAksCVAJiAmYCbQJ2AnsCiAKLAp0CoAKlAAAAAAAAAgEAAAAAAAAAKAAAAAAAAAAAAAAAAAAAAqc=}}

@comment{BibDesk Static Groups{
<?xml version="1.0" encoding="UTF-8"?>
<!DOCTYPE plist PUBLIC "-//Apple//DTD PLIST 1.0//EN" "http://www.apple.com/DTDs/PropertyList-1.0.dtd">
<plist version="1.0">
<array>
	<dict>
		<key>group name</key>
		<string>Stragglers-paper</string>
		<key>keys</key>
		<string>Yang2017,Rosen2012,Zaharia2008,Chen2014,Ibrahim_2017,Ousterhout2015,Ahmad_2013,Dean2004,Coppa2015,Ouyang2016,Ananthanarayanan2010,Bhandare2016,Garraghan_2015,Garraghan2016,Kwon2012,Ananthanarayanan2014,Ballani2011,Jeyakumar2013,Li2014,Zaharia2012,Schmidt2016</string>
	</dict>
</array>
</plist>
}}
